<?xml version="1.0" encoding="UTF-8"?><collection xmlns="http://www.loc.gov/MARC21/slim"><record><leader>00559nam--2200193-u-4500</leader><controlfield tag="001">000056259</controlfield><controlfield tag="002">20161230</controlfield><controlfield tag="005">20161230201052</controlfield><controlfield tag="008">150316s1000------------r-----000-0-rus-d</controlfield><datafield ind1=" " ind2=" " tag="040"><subfield code="a">IFIN-HH</subfield></datafield><datafield ind1=" " ind2=" " tag="041"><subfield code="a">rus</subfield></datafield><datafield ind1=" " ind2=" " tag="080"><subfield code="a">53(075)</subfield></datafield><datafield ind1="1" ind2=" " tag="100"><subfield code="a">Zisman, G.A</subfield></datafield><datafield ind1="1" ind2="0" tag="245"><subfield code="a">Kurs obscei fiziki tom iii. optika, fizika atomov i molekul, fizika atomnogo iadra i mikroceastit</subfield><subfield code="c">G.a. zisman, o.m. todes</subfield></datafield><datafield ind1=" " ind2=" " tag="260"><subfield code="a">Moskva</subfield><subfield code="b">Fiziko-matematiceskoi Literaturi</subfield><subfield code="c">1972</subfield></datafield><datafield ind1=" " ind2=" " tag="300"><subfield code="a">495P</subfield></datafield><datafield ind1="1" ind2=" " tag="700"><subfield code="a">Todes, O.M</subfield></datafield><datafield ind1=" " ind2=" " tag="852"><subfield code="a">37897</subfield><subfield code="c">53</subfield></datafield><datafield ind1=" " ind2=" " tag="CAT"><subfield code="a">Sys</subfield><subfield code="c">20150316</subfield><subfield code="h">104800</subfield></datafield></record></collection>